% This file was created with Citavi 6.7.0.0

@book{Tipler.2019,
 year = {2019},
 title = {Physik: Für Studierende der Naturwissenschaften und Technik},
 price = {Festeinband : circa EUR 79.99 (DE), circa EUR 82.23 (AT), circa CHF 88.50 (freier Preis)},
 keywords = {Atomphysik;Elektrodynamik;Experimentalphysik;Mechanik;Moderne Physik;Optik;Physik;Physik für Nebenfächer;Physik für Wissenschaftler und Ingenieure;Physikaufgaben;Quantenmechanik;Thermodynamik;Tipler Lehrbuch;Übungsaufgaben Physik},
 address = {Berlin},
 edition = {8., korrigierte und erweiterte Auflage},
 publisher = {{Springer Spektrum}},
 isbn = {9783662582800},
 series = {Lehrbuch},
 editor = {Tipler, Paul Allen and Mosca, Gene and Kersten, Peter and Wagner, Jenny},
 file = {http://deposit.dnb.de/cgi-bin/dokserv?id=0e33b53c361f404abbb03e209248e1cb&prov=M&dok_var=1&dok_ext=htm},
 file = {http://d-nb.info/1172616485},
 file = {http://www.springer.com/},
 file = {https://d-nb.info/1172616485/04}
}


