@book{
Solr-(DE-627)1742772943,
title = {Practical Ansible  :  Configuration Management from Start to Finish},
series = {Springer eBook Collection},
author = {Sesto, Vincent},
address = {New York},
publisher = {Apress},
year = {2021},
url = {http://swbplus.bsz-bw.de/bsz1742772943cov.jpg}
}

