@book{
Solr-(DE-627)1041676069,
title = {DevOps für dummies},
series = {... für Dummies},
series = {Lernen einfach gemacht},
author = {Freeman, Emily},
editor = {Kommer, Isolde},
address = {Weinheim},
publisher = {Wiley-VCH},
year = {2020},
url = {http://www.wiley-vch.de/publish/dt/books/ISBN978-3-527-71624-1/}
url = {https://www.gbv.de/dms/tib-ub-hannover/1041676069.pdf}
url = {http://www.wiley-vch.de/publish/dt/books/ISBN978-3-527-71624-1/}
}

