@book{
Solr-(DE-627)1024396649,
title = {Beginning DevOps with Docker  :  Automate the Deployment of Your Environment with the Power of the Docker Toolchain},
author = {Muli, Joseph},
address = {Birmingham},
publisher = {Packt Publishing Ltd},
year = {2018},
edition = {1st ed.},
pages = {96},
note = {Description based on publisher supplied metadata and other sources},
}

