@book{
Solr-(DE-627)1750010844,
title = {Hands-on GitHub Actions  :  Implement CI/CD with GitHub Action Workflows for Your Applications},
series = {Springer eBook Collection},
author = {Chandrasekara, Chaminda},
editor = {Herath, Pushpa},
address = {New York},
publisher = {Apress},
year = {2021},
}

