@book{
ansible,
title = {Practical Ansible  :  Configuration Management from Start to Finish},
series = {Springer eBook Collection},
author = {Sesto, Vincent},
address = {New York},
publisher = {Apress},
year = {2021},
url = {http://swbplus.bsz-bw.de/bsz1742772943cov.jpg}
}

@book{
docker,
title = {Beginning DevOps with Docker  :  Automate the Deployment of Your Environment with the Power of the Docker Toolchain},
author = {Muli, Joseph},
address = {Birmingham},
publisher = {Packt Publishing Ltd},
year = {2018},
edition = {1st ed.},
pages = {96},
note = {Description based on publisher supplied metadata and other sources},
}

@book{
github-actions,
title = {Hands-on GitHub Actions  :  Implement CI/CD with GitHub Action Workflows for Your Applications},
series = {Springer eBook Collection},
author = {Chandrasekara, Chaminda},
editor = {Herath, Pushpa},
address = {New York},
publisher = {Apress},
year = {2021},
}

@book{
devops,
title = {DevOps für dummies},
series = {... für Dummies},
series = {Lernen einfach gemacht},
author = {Freeman, Emily},
editor = {Kommer, Isolde},
address = {Weinheim},
publisher = {Wiley-VCH},
year = {2020},
url = {http://www.wiley-vch.de/publish/dt/books/ISBN978-3-527-71624-1/},
url = {https://www.gbv.de/dms/tib-ub-hannover/1041676069.pdf},
url = {http://www.wiley-vch.de/publish/dt/books/ISBN978-3-527-71624-1/}
}

